<record><leader>00000cas a22000007a 4500</leader><controlfield tag="001">15280110</controlfield><controlfield tag="008">870306d19051934inucr ne      0    0eng d</controlfield><datafield ind1=" " ind2=" " tag="010"><subfield code="a">sn 87055256 </subfield></datafield><datafield ind1=" " ind2=" " tag="040"><subfield code="a">NPI</subfield><subfield code="b">eng</subfield><subfield code="c">NPI</subfield><subfield code="d">OCLCQ</subfield></datafield><datafield ind1=" " ind2=" " tag="042"><subfield code="a">msc</subfield></datafield><datafield ind1="0" ind2=" " tag="130"><subfield code="a">Rensselaer Republican (Rensselaer, Ind. : Semiweekly)</subfield></datafield><datafield ind1="1" ind2="4" tag="245"><subfield code="a">The Rensselaer Republican.</subfield></datafield><datafield ind1="3" ind2="0" tag="246"><subfield code="a">Rensselaer Republican and the Rensselaer journal</subfield></datafield><datafield ind1=" " ind2=" " tag="260"><subfield code="a">Rensselaer, Jasper County, Ind. :</subfield><subfield code="b">George E. Marshall,</subfield><subfield code="c">1905-</subfield></datafield><datafield ind1=" " ind2=" " tag="310"><subfield code="a">Semiweekly</subfield></datafield><datafield ind1="0" ind2=" " tag="362"><subfield code="a">Vol. 37, no. 34 (May 3, 1905)-</subfield></datafield><datafield ind1="1" ind2=" " tag="362"><subfield code="a">Ceased in Dec. 1934?</subfield></datafield><datafield ind1=" " ind2=" " tag="500"><subfield code="a">"The Friday issue is the Weekly Republican."</subfield></datafield><datafield ind1=" " ind2=" " tag="500"><subfield code="a">Published as: Rensselaer Republican and the Rensselaer journal, Feb. 14-Dec. 22, 1908.</subfield></datafield><datafield ind1=" " ind2=" " tag="752"><subfield code="a">United States</subfield><subfield code="b">Indiana</subfield><subfield code="c">Jasper</subfield><subfield code="d">Rensselaer.</subfield></datafield><datafield ind1="1" ind2=" " tag="775"><subfield code="t">Evening Republican (Rensselaer, Ind.)</subfield><subfield code="w">(DLC)sn 86059135</subfield></datafield><datafield ind1="0" ind2="0" tag="780"><subfield code="t">Rensselaer semiweekly Republican</subfield><subfield code="w">(DLC)sn 86059169</subfield></datafield><datafield ind1="0" ind2="5" tag="780"><subfield code="t">Rensselaer journal</subfield><subfield code="w">(DLC)sn 86059136</subfield></datafield></record>